[gd_scene load_steps=6 format=2]

[ext_resource path="res://Bomb/Explosions/explosion_ray_anim2.tscn" type="PackedScene" id=1]
[ext_resource path="res://Bomb/Explosions/explosion_ray_anim.tscn" type="PackedScene" id=2]
[ext_resource path="res://Bomb/Explosions/Explosion2.gd" type="Script" id=3]
[ext_resource path="res://Bomb/Explosions/ExplosionVisibilityController2.gd" type="Script" id=4]
[ext_resource path="res://Bomb/Explosions/ExplosionVisibilityController.gd" type="Script" id=5]

[node name="Explosion" type="Node2D"]
script = ExtResource( 3 )

[node name="Timer" type="Timer" parent="."]
wait_time = 0.5
autostart = true

[node name="explosion_ray_anim_right" parent="." instance=ExtResource( 2 )]
visible = false
position = Vector2( 8.9, 0 )

[node name="explosion_ray_anim_top" parent="." instance=ExtResource( 2 )]
visible = false
position = Vector2( 0, -8.9 )
rotation = -1.5708

[node name="explosion_ray_anim_bottom" parent="." instance=ExtResource( 2 )]
visible = false
position = Vector2( 0, 8.9 )
rotation = 1.5708

[node name="explosion_ray_anim_left" parent="." instance=ExtResource( 2 )]
visible = false
position = Vector2( -8.9, 0 )
rotation = -3.14159

[node name="explosion_ray_anim2_right" parent="." instance=ExtResource( 1 )]

[node name="explosion_ray_anim2_bottom" parent="." instance=ExtResource( 1 )]
position = Vector2( 0, 16 )
rotation = 1.5708

[node name="explosion_ray_anim2_left" parent="." instance=ExtResource( 1 )]
position = Vector2( -16, 0 )
rotation = 3.14159

[node name="explosion_ray_anim2_top" parent="." instance=ExtResource( 1 )]
position = Vector2( 0, -16 )
rotation = 4.71239

[node name="Raycasts2" type="Node2D" parent="."]
script = ExtResource( 5 )

[node name="right_raycast" type="RayCast2D" parent="Raycasts2"]
enabled = true
cast_to = Vector2( 30, 0 )

[node name="bottom_raycast" type="RayCast2D" parent="Raycasts2"]
enabled = true
cast_to = Vector2( 0, 30 )

[node name="left_raycast" type="RayCast2D" parent="Raycasts2"]
enabled = true
cast_to = Vector2( -30, 0 )

[node name="up_raycast" type="RayCast2D" parent="Raycasts2"]
enabled = true
cast_to = Vector2( 0, -30 )

[node name="Raycasts" type="Node2D" parent="."]
script = ExtResource( 4 )

[node name="right_raycast" type="RayCast2D" parent="Raycasts"]
enabled = true
cast_to = Vector2( 14, 0 )

[node name="bottom_raycast" type="RayCast2D" parent="Raycasts"]
enabled = true
cast_to = Vector2( 0, 14 )

[node name="left_raycast" type="RayCast2D" parent="Raycasts"]
position = Vector2( 0.552063, 0 )
enabled = true
cast_to = Vector2( -14, 0 )

[node name="up_raycast" type="RayCast2D" parent="Raycasts"]
enabled = true
cast_to = Vector2( 0, -14 )
[connection signal="timeout" from="Timer" to="." method="_on_Timer_timeout"]
