[gd_scene load_steps=12 format=2]

[ext_resource path="res://Bomb/bomb_sprite.png" type="Texture" id=1]
[ext_resource path="res://Bomb/Bomb.gd" type="Script" id=2]
[ext_resource path="res://Bomb/bomb_collision_shape.tscn" type="PackedScene" id=3]
[ext_resource path="res://Explosion.wav" type="AudioStream" id=4]
[ext_resource path="res://Bomb/Explosions/Explosion1.tscn" type="PackedScene" id=5]
[ext_resource path="res://Bomb/Explosions/Explosion2.tscn" type="PackedScene" id=7]

[sub_resource type="CircleShape2D" id=1]
radius = 7.17986

[sub_resource type="AtlasTexture" id=2]
atlas = ExtResource( 1 )
region = Rect2( 0, 0, 16, 16 )

[sub_resource type="AtlasTexture" id=3]
atlas = ExtResource( 1 )
region = Rect2( 16, 0, 16, 16 )

[sub_resource type="AtlasTexture" id=4]
atlas = ExtResource( 1 )
region = Rect2( 32, 0, 16, 16 )

[sub_resource type="SpriteFrames" id=5]
animations = [ {
"frames": [ SubResource( 2 ), SubResource( 3 ), SubResource( 4 ), SubResource( 3 ) ],
"loop": true,
"name": "default",
"speed": 3.0
} ]

[node name="Bomb" type="KinematicBody2D" groups=[
"bomb",
]]
script = ExtResource( 2 )
collision_box = ExtResource( 3 )
explosion1 = ExtResource( 5 )
explosion2 = ExtResource( 7 )

[node name="Area2D" type="Area2D" parent="."]

[node name="DetectionHitBox" type="CollisionShape2D" parent="Area2D"]
position = Vector2( 8, 8 )
shape = SubResource( 1 )

[node name="Timer" type="Timer" parent="."]
wait_time = 3.0
autostart = true

[node name="RaycastsUp" type="Node2D" parent="."]

[node name="UpRaycast1" type="RayCast2D" parent="RaycastsUp"]
position = Vector2( 8, 8 )
enabled = true
cast_to = Vector2( 0, -24 )

[node name="UpRaycast2" type="RayCast2D" parent="RaycastsUp"]
position = Vector2( 2, 8 )
enabled = true
cast_to = Vector2( 0, -24 )

[node name="UpRaycast3" type="RayCast2D" parent="RaycastsUp"]
position = Vector2( 14, 8 )
enabled = true
cast_to = Vector2( 0, -24 )

[node name="RaycastsBottom" type="Node2D" parent="."]

[node name="BottomRaycast1" type="RayCast2D" parent="RaycastsBottom"]
position = Vector2( 8, 8 )
enabled = true
cast_to = Vector2( 0, 24 )

[node name="BottomRaycast2" type="RayCast2D" parent="RaycastsBottom"]
position = Vector2( 2, 8 )
enabled = true
cast_to = Vector2( 0, 24 )

[node name="BottomRaycast3" type="RayCast2D" parent="RaycastsBottom"]
position = Vector2( 14, 8 )
enabled = true
cast_to = Vector2( 0, 24 )

[node name="RaycastsRight" type="Node2D" parent="."]

[node name="RightRaycast1" type="RayCast2D" parent="RaycastsRight"]
position = Vector2( 8, 8 )
enabled = true
cast_to = Vector2( 24, 0 )

[node name="RightRaycast2" type="RayCast2D" parent="RaycastsRight"]
position = Vector2( 8, 2 )
enabled = true
cast_to = Vector2( 24, 0 )

[node name="RightRaycast3" type="RayCast2D" parent="RaycastsRight"]
position = Vector2( 8, 14 )
enabled = true
cast_to = Vector2( 24, 0 )

[node name="RaycastsLeft" type="Node2D" parent="."]

[node name="LeftRaycast1" type="RayCast2D" parent="RaycastsLeft"]
position = Vector2( 8, 8 )
enabled = true
cast_to = Vector2( -24, 0 )

[node name="LeftRaycast2" type="RayCast2D" parent="RaycastsLeft"]
position = Vector2( 8, 2 )
enabled = true
cast_to = Vector2( -24, 0 )

[node name="LeftRaycast3" type="RayCast2D" parent="RaycastsLeft"]
position = Vector2( 8, 14 )
enabled = true
cast_to = Vector2( -24, 0 )

[node name="AnimatedSprite" type="AnimatedSprite" parent="."]
position = Vector2( 8, 8 )
frames = SubResource( 5 )
frame = 1
playing = true

[node name="AudioStreamPlayer" type="AudioStreamPlayer" parent="."]
stream = ExtResource( 4 )
volume_db = -5.049
[connection signal="body_exited" from="Area2D" to="." method="_on_Area2D_body_exited"]
[connection signal="timeout" from="Timer" to="." method="_on_Timer_timeout"]
