[gd_scene load_steps=5 format=2]

[ext_resource path="res://Bomb/fire3.png" type="Texture" id=1]
[ext_resource path="res://Bomb/fire2.png" type="Texture" id=2]
[ext_resource path="res://Bomb/ExplosionVisibilityControl.gd" type="Script" id=4]

[sub_resource type="GDScript" id=1]
script/source = "extends Node2D

var bomb_owner

# Declare member variables here. Examples:
# var a = 2
# var b = \"text\"


# Called when the node enters the scene tree for the first time.
func _ready():
	bomb_owner.get_node(\"bomb_collision_shape\").call_deferred(\"set\", \"disabled\", true)


# Called every frame. 'delta' is the elapsed time since the previous frame.
#func _process(delta):
#	pass

func _on_Timer_timeout():
	bomb_owner.exploding = false
	bomb_owner.queue_free()
	queue_free()
	
	
"

[node name="Explosion" type="Node2D"]
position = Vector2( -8, 0 )
script = SubResource( 1 )

[node name="Timer" type="Timer" parent="."]
autostart = true

[node name="fire_right" type="Node2D" parent="."]
__meta__ = {
"_edit_group_": true
}

[node name="Tip" type="Sprite" parent="fire_right"]
position = Vector2( 38.86, 0 )
rotation = -3.14159
scale = Vector2( 0.12, 0.12 )
texture = ExtResource( 1 )

[node name="Middle" type="Sprite" parent="fire_right"]
light_mask = 4
position = Vector2( 31.36, 0 )
scale = Vector2( 0.12, 0.12 )
texture = ExtResource( 2 )
offset = Vector2( -64, 0 )

[node name="Root" type="Sprite" parent="fire_right"]
position = Vector2( 24, 0 )
scale = Vector2( 0.12, 0.12 )
texture = ExtResource( 2 )
offset = Vector2( -130.667, 0 )

[node name="fire_bottom" type="Node2D" parent="."]
__meta__ = {
"_edit_group_": true
}

[node name="Tip" type="Sprite" parent="fire_bottom"]
position = Vector2( 8, 30.86 )
rotation = -1.57079
scale = Vector2( 0.12, 0.12 )
texture = ExtResource( 1 )

[node name="Middle" type="Sprite" parent="fire_bottom"]
light_mask = 4
position = Vector2( 8, 23.36 )
rotation = 1.5708
scale = Vector2( 0.12, 0.12 )
texture = ExtResource( 2 )
offset = Vector2( -64, 0 )

[node name="Root" type="Sprite" parent="fire_bottom"]
position = Vector2( 8, 16 )
rotation = 1.5708
scale = Vector2( 0.12, 0.12 )
texture = ExtResource( 2 )
offset = Vector2( -130.667, 0 )

[node name="fire_left" type="Node2D" parent="."]
__meta__ = {
"_edit_group_": true
}

[node name="Tip" type="Sprite" parent="fire_left"]
position = Vector2( -22.7638, 0 )
rotation = 2.36848e-13
scale = Vector2( 0.12, 0.12 )
texture = ExtResource( 1 )

[node name="Middle" type="Sprite" parent="fire_left"]
light_mask = 4
position = Vector2( -15.2638, 0 )
rotation = 3.14159
scale = Vector2( 0.12, 0.12 )
texture = ExtResource( 2 )
offset = Vector2( -64, 0 )

[node name="Root" type="Sprite" parent="fire_left"]
position = Vector2( -8, 0 )
rotation = 3.14159
scale = Vector2( 0.12, 0.12 )
texture = ExtResource( 2 )
offset = Vector2( -130.667, 0 )

[node name="fire_up" type="Node2D" parent="."]
__meta__ = {
"_edit_group_": true
}

[node name="Tip" type="Sprite" parent="fire_up"]
position = Vector2( 8, -30.7 )
rotation = 1.5708
scale = Vector2( 0.12, 0.12 )
texture = ExtResource( 1 )

[node name="Middle" type="Sprite" parent="fire_up"]
light_mask = 4
position = Vector2( 8, -23 )
rotation = -1.5708
scale = Vector2( 0.12, 0.12 )
texture = ExtResource( 2 )
offset = Vector2( -64, 0 )

[node name="Root" type="Sprite" parent="fire_up"]
position = Vector2( 8, -16 )
rotation = -1.5708
scale = Vector2( 0.12, 0.12 )
texture = ExtResource( 2 )
offset = Vector2( -130.667, 0 )

[node name="Raycasts" type="Node2D" parent="."]
position = Vector2( 8, 0 )
script = ExtResource( 4 )

[node name="right_raycast" type="RayCast2D" parent="Raycasts"]
enabled = true
cast_to = Vector2( 16, 0 )

[node name="bottom_raycast" type="RayCast2D" parent="Raycasts"]
enabled = true
cast_to = Vector2( 0, 16 )

[node name="left_raycast" type="RayCast2D" parent="Raycasts"]
enabled = true
cast_to = Vector2( -16, 0 )

[node name="up_raycast" type="RayCast2D" parent="Raycasts"]
enabled = true
cast_to = Vector2( 0, -16 )
[connection signal="timeout" from="Timer" to="." method="_on_Timer_timeout"]
